@article{mccollum2010setting,
  title={Setting the research agenda in automated timetabling: The second international timetabling competition},
  author={McCollum, Barry and Schaerf, Andrea and Paechter, Ben and McMullan, Paul and Lewis, Rhyd and Parkes, Andrew J and Gaspero, Luca Di and Qu, Rong and Burke, Edmund K},
  journal={INFORMS Journal on Computing},
  volume={22},
  number={1},
  pages={120--130},
  year={2010},
  publisher={INFORMS}
}

@inproceedings{pillay2010evolving,
  title={Evolving hyper-heuristics for a highly constrained examination timetabling problem},
  author={Pillay, Nelishia},
  booktitle={Proceedings of the 8th International Conference on the Practice and Theory of Automated Timetabling (PATATâ€™10)},
  pages={336--346},
  year={2010}
}

@article{raghavjee2015genetic,
  title={A genetic algorithm selection perturbative hyper-heuristic for solving the school timetabling problem},
  author={Raghavjee, R and Pillay, N},
  journal={ORiON},
  volume={31},
  number={1},
  pages={39--60},
  year={2015},
  publisher={ORSSA}
}

@inproceedings{pillay2017evohyp,
  title={EvoHyp-A Java toolkit for evolutionary algorithm hyper-heuristics},
  author={Pillay, Nelishia and Beckedahl, Derrick},
  booktitle={2017 IEEE Congress on Evolutionary Computation (CEC)},
  pages={2706--2713},
  year={2017},
  organization={IEEE}
}

@article{pillay2016review,
  title={A review of hyper-heuristics for educational timetabling},
  author={Pillay, Nelishia},
  journal={Annals of Operations Research},
  volume={239},
  number={1},
  pages={3--38},
  year={2016},
  publisher={Springer}
}